%%%%%%%%%% CONFERENCES %%%%%%%%%%

%----- ANDROID -----

@inproceedings{pandita13:WHYPER,
  title={WHYPER: towards automating risk assessment of mobile applications},
  author={Pandita, Rahul and Xiao, Xusheng and Yang, Wei and Enck, William and Xie, Tao},
  booktitle={Proc. 22nd USENIX conference on Security},
  pages={527--542},
  year={2013},
}

@INPROCEEDINGS{curbandroidperm, 
	author = "T. Vidas and N. Christin and L. Cranor",
	title = "Curbing {Android} permission creep", 
	booktitle = "Proc. W2SP",
	year = 2011, 
	pages = {},
}

@INPROCEEDINGS{Au:2012:CCS,
	author = {Kathy Wain Yee Au and Yi Fan Zhou and Zhen Huang  and David Lie},
	title = {Pscout: analyzing the android permission specification},
	booktitle = {Proc. 19th CCS},
	year = {2012},
	pages = {217--228},
} 

@INPROCEEDINGS{eom09b,
	author = {William Enck and Machigar Ongtang and Patrick McDaniel},
	title = {{On Lightweight Mobile Phone Application Certification}},
	booktitle = {Proc. of 16th ACM CCS},
	year = 2009,
	pages = {},
}

@INPROCEEDINGS{fhe+12,
	author = {Adrienne Porter Felt and Elizabeth Ha and Serge Egelman and Ariel Haney and Erika Chin and David Wagner},
	title = {{Android Permissions: User Attention, Comprehension and Behavior}},
	booktitle = {Proc. of SOUPS},
	year = 2012,
	pages = {},
}

@INPROCEEDINGS{enck2010taintdroid,
	title={TaintDroid: an information-flow tracking system for realtime privacy monitoring on smartphones},
	author={Enck, W. and Gilbert, P. and Chun, B.G. and Cox, L.P. and Jung, J. and McDaniel, P. and Sheth, A.N.},
	booktitle={Proc. of 9th USENIX OSDI},
	pages={1--6},
	year={2010}
}

@INPROCEEDINGS{felt2011android,
	title={Android permissions demystified},
	author={Felt, A.P. and Chin, E. and Hanna, S. and Song, D. and Wagner, D.},
	booktitle={Proc. of 18th ACM CCS},
	pages={627--638},
	year={2011},
}

@INPROCEEDINGS{felt2012android,
	title={Android permissions: User attention, comprehension, and behavior},
	author={Felt, A.P. and Ha, E. and Egelman, S. and Haney, A. and Chin, E. and Wagner, D.},
	booktitle={Proc. of 8th Symposium on Usable Privacy and Security},
	pages={3},
	year={2012},
}

@INPROCEEDINGS{zhou2012hey,
	title={Hey, you, get off of my market: Detecting malicious apps in official and alternative {A}ndroid markets},
	author={Zhou, Y. and Wang, Z. and Zhou, W. and Jiang, X.},
	booktitle={Proc. of 19th NDSS},
	year={2012}
}

@INPROCEEDINGS{Zhou12:SSP,
	title = {Dissecting Android Malware: Characterization and Evolution },
	author = {Yajin Zhou and Xuxian Jiang},
	booktitle = {Proc. 33rd IEEE Symposium on Security and Privacy},
	year = {2012},
}

@INPROCEEDINGS{ffc+11,
  AUTHOR = {Adrienne Porter Felt and Matthew Finifter and Erika Chin and Steve Hanna and David Wagner},
  TITLE = {{A Survey of Mobile Malware in the Wild}},
  BOOKTITLE = {Proc. ACM Workshop on SPSM)},
  YEAR = 2011,
}

@INPROCEEDINGS{pgs+12, 
  TITLE = {Using probabilistic generative models for ranking risks of Android apps},
  BOOKTITLE = {Proc. 19th CCS}, 
  AUTHOR = {Peng, Hao and Gates, Chris and Sarma, Bhaskar and Li, Ninghui and Qi, Yuan and Potharaju, Rahul and Nita-Rotaru, Cristina and Molloy, Ian}, 
  YEAR = {2012}
}

@INPROCEEDINGS{rcte13,
  AUTHOR = {Saurabh Chakradeo and Brad Reaves and Patrick Traynor and William Enck},
  TITLE = {{MAST: Triage for Market-scale Mobile Malware Analysis}},
  BOOKTITLE = {Proc. 6th WiSec},
  YEAR = 2013,
}

@INPROCEEDINGS{ekkv11,
  AUTHOR = {Manuel Egele and Christopher Kruegel and Engin Kirda and
    Giovanni Vigna},
  TITLE = {{PiOS}: Detecting Privacy Leaks in i{OS} Applications},
  BOOKTITLE = {Proc. of 18th ISOC NDSS},
  PAGES = {},
  YEAR = 2011,
}

@INPROCEEDINGS{eomc11,
  AUTHOR = {William Enck and Damien Octeau and Patrick McDaniel and Swarat Chaudhuri},
  TITLE = {A Study of {A}ndroid Application Security},
  BOOKTITLE = {Proc. 20th USENIX Security Symposium},
  PAGES = {21},
  YEAR = {2011},
}

@INPROCEEDINGS{zj12,
  AUTHOR = {Yajin Zhou and Xuxian Jiang},
  TITLE = {Dissecting {A}ndroid Malware: Characterization and Evolution},
  BOOKTITLE = {Proc. of IEEE Symposium on Security and Privacy},
  PAGES={95--109},
  YEAR = 2012,
}

@INPROCEEDINGS{gzz+12,
  AUTHOR = {Michael Grace and Yajin Zhou and Qiang Zhang and Shihong Zou and Xuxian Jiang},
  TITLE = {Risk{R}anker: Scalable and Accurate Zero-day {A}ndroid Malware Detection},
  BOOKTITLE = {Proc. of 10th MobiSys},
  PAGES = {281--294},
  YEAR = 2012,
}

@INPROCEEDINGS{gcec12,
  AUTHOR = {Clint Gibler and Jon Crussell and Jeremy Erickson and Hao Chen},
  TITLE = {Android{L}eaks: Automatically Detecting Potential Privacy
    Leaks In {A}ndroid Applications on a Large Scale},
  BOOKTITLE = {Proc. of 5th TRUST},
  PAGES = {291--307},
  YEAR = 2012,
}

@INPROCEEDINGS{hhj+11,
  AUTHOR = {Peter Hornyack and Seungyeop Han and Jaeyeon Jung and Stuart
    Schechter and David Wetherall},
  TITLE = {These Aren't the {D}roids You're Looking For: Retrofitting
    {A}ndroid to Protect Data from Imperious Applications},
  BOOKTITLE = {Proc. 18th ACM CCS},
  PAGES = {639--652},
  YEAR = 2011,
}

@INPROCEEDINGS{yy12,
  AUTHOR = {Lok Kwong Yan and Heng Yin},
  TITLE = {Droid{S}cope: Seamlessly Reconstructing the {OS} and {D}alvik Semantic
    Views for Dynamic {A}ndroid Malware Analysis},
  BOOKTITLE = {Proc. of 21st USENIX Security Symposium},
  PAGES ={29},
  YEAR = 2012,
}
%----- PROGRAM SYNTHESIS-----

@inproceedings{gulwani2011automating,
  title={Automating string processing in spreadsheets using input-output examples},
  author={Gulwani, Sumit},
  booktitle={ACM SIGPLAN Notices},
  volume={46-1},
  pages={317--330},
  year={2011},
}

@article{gulwani2011synthesis,
  title={Synthesis of loop-free programs},
  author={Gulwani, Sumit and Jha, Susmit and Tiwari, Ashish and Venkatesan, Ramarathnam},
  journal={ACM SIGPLAN Notices},
  volume={46-6},
  pages={62--73},
  year={2011},
}

@inproceedings{harris2011spreadsheet,
  title={Spreadsheet table transformations from examples},
  author={Harris, William R and Gulwani, Sumit},
  booktitle={ACM SIGPLAN Notices},
  volume={46-6},
  pages={317--328},
  year={2011},
}

@inproceedings{gulwani2011synthesizing,
  title={Synthesizing geometry constructions},
  author={Gulwani, Sumit and Korthikanti, Vijay Anand and Tiwari, Ashish},
  booktitle={ACM SIGPLAN Notices},
  volume={46-6},
  pages={50--61},
  year={2011},
}

@inproceedings{itzhaky2010simple,
  title={A simple inductive synthesis methodology and its applications},
  author={Itzhaky, Shachar and Gulwani, Sumit and Immerman, Neil and Sagiv, Mooly},
  booktitle={ACM Sigplan Notices},
  volume={45-10},
  pages={36--46},
  year={2010},
}

@article{taly2011synthesizing,
  title={Synthesizing switching logic using constraint solving},
  author={Taly, Ankur and Gulwani, Sumit and Tiwari, Ashish},
  journal={International journal on software tools for technology transfer},
  volume={13-6},
  pages={519--535},
  year={2011},
  publisher={Springer}
}

@inproceedings{jha2010oracle,
  title={Oracle-guided component-based program synthesis},
  author={Jha, Susmit and Gulwani, Sumit and Seshia, Sanjit A and Tiwari, Ashish},
  booktitle={Proc. 32nd ICSE},
  volume={1},
  pages={215--224},
  year={2010},
}

@inproceedings{srivastava2010program,
  title={From program verification to program synthesis},
  author={Srivastava, Saurabh and Gulwani, Sumit and Foster, Jeffrey S},
  booktitle={ACM Sigplan Notices},
  volume={45-1},
  pages={313--326},
  year={2010},
}
%----- TESTING -----

@inproceedings{ball2002s,
  title={The {SLAM} project: debugging system software via static analysis},
  author={Ball, Thomas and Rajamani, Sriram K},
  booktitle={ACM SIGPLAN Notices},
  volume={37},
  number={1},
  pages={1--3},
  year={2002},
  organization={ACM}
}

@INPROCEEDINGS{godefroid08NDSSS,
	title = {Automated whitebox fuzz testing},
	author = {P. Godefroid and M. Y. Levin and D. Molnar},
	booktitle = {Network and Distributed Systems Security Symposium},
	year = {2008},
}

@INPROCEEDINGS{taneja09:guided,
	author = {Kunal Taneja and Tao Xie and Nikolai Tillmann and Jonathan de Halleux and Wolfram Schulte},
	title = {Guided Path Exploration for Regression Test Generation},
	booktitle = {Companion Proc. 31th International Conference on Software Engineering  (ICSE 2009), New Ideas and Emerging Results},
	year = {2009}, 
	pages = {311--314}, 
}

@INPROCEEDINGS{xie09:fitness,
	author = {Tao Xie and Nikolai Tillmann and Peli de Halleux and Wolfram Schulte},
	title = {Fitness-Guided Path Exploration in Dynamic Symbolic Execution},
	booktitle = {Proc. the 39th Annual IEEE/IFIP International Conference on Dependable Systems and Networks (DSN 2009)},
	year = {2009}, 
}

@INPROCEEDINGS{king76acm,
	title = {Symbolic execution and program testing.},
	author = {K. Sen and D. Marinov and G. Agha},
	booktitle = { Communications of ACM, 19(7):},
	pages = {385--4},
	year = {1976},
}

@INPROCEEDINGS{ammann03:issre,
	title = {Coverage Criteria for Logical Expression},
	author = {Paul Ammann and Jeff Offutt and Hong Huang},
	booktitle = {Proc. IEEE ISSRE},
	pages = {99-107},
	year = {2003},
}


@INPROCEEDINGS{tillmann08issre,
	title = {Pex: white box test generation for .NET},
	author = {N. Tillmann and J. de Halleux},
	booktitle = {Proc. TAP'08},
	pages = {134-3},
	year = {2008},
}


@INPROCEEDINGS{SoberingOOPSLA:04,
	author = {Sobering, Geoff and Cook, Levi and Anderson, Steve},
	title = {Pseudo-classes: very simple and lightweight mockObject-like classes for unit-testing},
	booktitle = {OOPSLA '04: Companion to the 19th annual ACM SIGPLAN conference on Object-oriented programming systems, languages, and applications},
	year = {2004},
	pages = {162--163},
}


@INPROCEEDINGS{FreemanOOPSLA:04,
	author = {Freeman, Steve and Mackinnon, Tim and Pryce, Nat and Walnes, Joe},
	title = {Mock roles, objects},
	booktitle = {OOPSLA '04: Companion to the 19th annual ACM SIGPLAN conference on Object-oriented programming systems, languages, and applications},
	year = {2004},
	pages = {236--246},
}

@INPROCEEDINGS{BrownPLOP:03,
	author = {Brown, M.A. and Tapolcsanyi, E},
	title = {Mock object patterns},
	booktitle = {PLOP},
	year = {2003},
}

@INPROCEEDINGS{ksen05esecfse,
	title = {CUTE: A concolic unit testing engine for C},
	author = {K. Sen and D. Marinov and G. Agha},
	booktitle = {Proc. ESEC/FSE},
	pages = {263--272},
	year = {2005},
}

@INPROCEEDINGS{clarke76ieee,
	title = {A system to generate test data and symbolically execute programs},
	author = {L. A. Clarke},
	booktitle = {IEEE Transactions on Software Engineering, 2(3)},
	pages = {215--222},
	year = {1976},
}

@INPROCEEDINGS{ZAwedikian09:GECCO,
	author = {Zeina Awedikian and Kamel Ayari	and Giuliano Antoniol},
	title  ={MC/DC automatic test input data generation},
	year = {2009},
	pages = {1657--1664},
	booktitle = {Proc. GECCO '09}
}

@INPROCEEDINGS{tillman05:esecfse,
	title = {Parameterized unit tests},
	author = {N. Tillmann and W. Schulte},
	booktitle = {Proc. ESEC/FSE},
	pages = {253--262},
	year = {2005},
}

@INPROCEEDINGS{Flanagan2001:HAA,
	author = {Flanagan, Cormac and Leino, K. Rustan M.},
	title = {Houdini, an Annotation Assistant for {ESC/Java}},
	booktitle = {Proc. 10th FME},
	year = {2001},
	pages = {500--517},
}

@INPROCEEDINGS{Tillmann:2006:DLM:2105385.2105433,
	author = {Tillmann, Nikolai and Chen, Feng and Schulte, Wolfram},
	title = {Discovering likely method specifications},
	booktitle = {Proc. 8th ICFEM},
	year = {2006},
	pages = {717--736},
}

@INPROCEEDINGS{inkumsah08:improving,
	author = {Kobi Inkumsah and Tao Xie},
	title = {Improving Structural Testing of Object-Oriented Programs via Integrating Evolutionary Testing and Symbolic Execution},
	booktitle = {Proc. ASE},
	year = {2008},     
	pages = {297--306},
}

@INPROCEEDINGS{pacheco:feedback,
	author = {Carlos Pacheco and Shuvendu K. Lahiri and Michael D. Ernst and Thomas Ball},
	title = {Feedback-directed random test generation},
	booktitle = {Proc. ICSE},
	pages = {75--84},   
	year = {2007},
}

@INPROCEEDINGS{marri09:empirical,
	author = {Madhuri R Marri and Tao Xie and Nikolai Tillmann and Jonathan de Halleux and Wolfram Schulte},
	title = {An Empirical Study of Testing File-System-Dependent Software with Mock Objects},
	booktitle = {Proc. 4th International Workshop on Automation of Software Test (AST 2009), Business and Industry Case Studies},
	year = {2009}, 
	pages = {149--153},
}

@INPROCEEDINGS{Freeman04:OOPSLA,
	author = {Freeman, Steve and Mackinnon, Tim and Pryce, Nat and Walnes, Joe},
	title = {Mock roles, objects},
	booktitle = {OOPSLA '04: Companion to the 19th annual ACM SIGPLAN conference on Object-oriented programming systems, languages, and applications},
	year = {2004},
	pages = {236--246},
}

@INPROCEEDINGS{vijay09:ICSE,
	author = {Ganesh, Vijay and Leek, Tim and Rinard, Martin},
	title = {Taint-based directed whitebox fuzzing},
	booktitle = {31th ICSE'09},
	year = {2009},
	pages = {474--484},
}

@INPROCEEDINGS{burnim08:ase,
	author = {J. Burnim and K.Sen},
	title  ={Heuristics for scalable dynamic test generation},
	year = {2008},
	pages = {443-446},
	booktitle = {Proc. ASE},
}

@INPROCEEDINGS{tonella:etoc,
	author = {Paolo Tonella},
	title = {Evolutionary testing of classes},
	booktitle = {Proc. ISSTA},
	year = {2004},
	pages = {119--128},
}

@INPROCEEDINGS{boonstoppel:rwset,
	author = {Peter Boonstoppel and Cristian Cadar and Dawson R. Engler},
	title = {RWset: Attacking Path Explosion in Constraint-Based Test Generation},
	booktitle = {TACAS'08},
	pages = {351-366},
	year = {2008},
}

@INPROCEEDINGS{cadar06acm,
	title = {EXE: automatically generating inputs of death},
	author = {C. Cadar and V. Ganesh and P. M. Pawlowski and D. L. Dill and D. R.Engler},
	booktitle = {Proc. ACM CCS'06},
	pages = {322ï¿½5},
	year = {2006},
}

@INPROCEEDINGS{godefroid05acm,
	title = {DART: Directed automated random testing},
	author = {P. Godefroid and N. Klarlund and K. Sen},
	booktitle = {Proc. PLDI'05},
	pages = {75},
	year = {2005},
}

%----- SE SPECIFICATIONS -----

@book{han2006data,
	title={Data Mining, Southeast Asia Edition: Concepts and Techniques},
	author={Han, Jiawei and Kamber, Micheline},
	year={2006},
	publisher={Morgan kaufmann}
}

@INPROCEEDINGS{lo2009mining,
  title={Mining quantified temporal rules: formalism, algorithms, and evaluation},
  author={David Lo and Ganesan Ramalingam and Venkatesh Prasad Ranganath and Kapil Vaswani},
  booktitle={Proc. 16th WCRE},
  pages={62--71},
  year={2009},
  organization={IEEE}
}

@ARTICLE{swordnet,
    author = {Jinqiu Yang and Lin Tan}, 
    title = {{SWordNet}: {I}nferring Semantically Related Words from Software Context}, 
    journal= {Empirical Software Engineering},
    year   = {2013},
}


@ARTICLE{carletta1996assessing,
  title={Assessing agreement on classification tasks: the kappa statistic},
  author={Carletta, Jean},
  journal={Computational linguistics},
  volume={22},
  number={2},
  pages={249--254},
  year={1996},
}

@INPROCEEDINGS{XiaoFSE2012, 
  author={Xusheng Xiao and Amit Paradkar and Suresh Thummalapenta and Tao Xie}, 
  booktitle={Proc. 20th FSE}, 
  title={Automated Extraction of Security Policies from Natural-Language Software Documents}, 
  year={2012},
  pages = {12:1--12:11},
}

@INPROCEEDINGS{Zheng2011FSE,
 	author = {Zheng, Wujie and Zhang, Qirun and Lyu, Michael},
 	title = {Cross-library {API} recommendation using web search engines},
 	booktitle = {Proc. 13th ESEC/FSE},
 	year = {2011},
 	pages = {480--483},
}

@INPROCEEDINGS{Zhong2010ICSE, 
	author={Hao Zhong and Thummalapenta, Suresh and Tao Xie and Lu Zhang and Qing Wang}, 
	booktitle={Proc. 32nd ICSE}, 
	title={Mining {API} mapping for language migration}, 
	year={2010}, 
	pages={195-204}, 
}

@INPROCEEDINGS{Gokhale2013ICSE, 
	author={Amruta Gokhale and Vinod Ganapathy and Yogesh Padmanaban}, 
	booktitle={Proc. 35nd ICSE}, 
	title={Inferring Likely Mappings Between {API}s}, 
	year={2013}, 
}

@INPROCEEDINGS{thummalapenta07parseweb,
	author = {Suresh Thummalapenta and Tao Xie},
	title = {{PARSEWeb}: A Programmer Assistant for Reusing Open Source Code on the Web},
	booktitle = {Proc. 22nd ASE},
	year = {2007}, 
	pages = {204--213},
}

%----- SE SPECIFICATIONS -----

@inproceedings{Wang:2013:MSR,
 author = {Wang, Jue and Dang, Yingnong and Zhang, Hongyu and Chen, Kai and Xie, Tao and Zhang, Dongmei},
 title = {Mining succinct and high-coverage {API} usage patterns from source code},
 booktitle = {Proc. 10th Working Conference on MSR},
 year = {2013},
 pages = {319--328},
}

@inproceedings{buse2012synthesizing,
  title={Synthesizing {API} usage examples},
  author={Buse, Raymond PL and Weimer, Westley},
  booktitle={Proc. 34th ICSE},
  pages={782--792},
  year={2012},
}

@INPROCEEDINGS{Ghezzi:2009:SIB:1555001.1555057,
	author = {Ghezzi, Carlo and Mocci, Andrea and Monga, Mattia},
	title = {Synthesizing intensional behavior models by graph transformation},
	booktitle = {Proc. 31st ICSE},
	year = {2009},
	pages = {430--440},
}

@INPROCEEDINGS{WeiICSE11, 
	author={Wei, Y. and Furia, C. A. and  Kazmin, N. and Meyer, B.}, 
	booktitle={Proc. 33rd ICSE}, 
	title={Inferring Better Contracts}, 
	year={2011}, 
	pages = {474--484}, 
}

@INPROCEEDINGS{WeiISSTA10, 
	author={Wei, Y. and Pei, Y. and Furia, C. A. and Silva, L. S. and Buchholz, s. and Meyer, B. and Zeller, A.}, 
	booktitle={Proc. 19th ISSTA}, 
	title={Automated fixing of programs with contracts}, 
	year={2010}, 
	pages = {61--72}, 
}

@INPROCEEDINGS{Lin08:ACM,
	author = {Lin, Zhiqiang and Zhang, Xiangyu},
	title = {Deriving input syntactic structure from execution},
	booktitle = {Proc. 16th ACM SIGSOFT FSE},
	year = {2008},
	pages = {83--93},
}

@INPROCEEDINGS{RubingerWEB10, 
	author={Rubinger, B. and Bultan, T.}, 
	booktitle={4th AV-WEB}, 
	title={Contracting the {F}acebook {API}}, 
	year={2010}, 
	pages = {61--72}, 
}

@INPROCEEDINGS{wu2013inferring,
  title={Inferring dependency constraints on parameters for web services},
  author={Wu, Qian and Wu, Ling and Liang, Guangtai and Wang, Qianxiang and Xie, Tao and Mei, Hong},
  booktitle={Proc. 22nd WWW},
  pages={1421--1432},
  year={2013},
}

@INPROCEEDINGS{Reiss2009SCS,
	author = {Reiss, Steven P.},
	title = {Semantics-based code search},
	booktitle = {Proc. 31st ICSE},
	year = {2009},
	pages = {243--253},
}

@inproceedings{Zhong:2009:MMR,
 author = {Zhong, Hao and Xie, Tao and Zhang, Lu and Pei, Jian and Mei, Hong},
 title = {MAPO: Mining and Recommending {API} Usage Patterns},
 booktitle = {Pro. 23rd ECOOP},
 year = {2009},
 pages = {318--343}
 }

%----- NLP SOFTWARE ENGINEERING -----

@INPROCEEDINGS{rennie2003tackling,
	title={Tackling the poor assumptions of naive bayes text classifiers},
	author={Rennie, Jason D and Shih, Lawrence and Teevan, Jaime and Karger, David R and others},
	booktitle={Proc. 20th ICML},
	pages={616--623},
	year={2003},
}

@article{brown1992class,
  title={Class-based n-gram models of natural language},
  author={Peter F Brown and Peter V Desouza and Robert L Mercer and Vincent J Della Pietra and Jenifer C Lai},
  journal={Computational linguistics},
  volume={18},
  number={4},
  pages={467--479},
  year={1992},
}


@inproceedings{johnSlankasPASSAT13,
	author = {John Slankas and Laurie Williams},
	title = {Access Control Policy Extraction from Unconstrained Natural Language Text},
	booktitle = {Proc. PASSAT},
	year = {2013},
}


@inproceedings{tcomment,
    author = {Shin Hwei Tan and Darko Marinov and Lin Tan and Gary T. Leavens}, 
    title = {{@tComment}: {T}esting Javadoc Comments to Detect Comment-Code Inconsistencies}, 
    booktitle = {Proc. 5th ICST}, 
    month  = {April},
    year   = {2012},
}

@article{lee2012towards,
  title={Towards categorizing and formalizing the {JDK API}},
  author={Lee, Choonghwan and Jin, Dongyun and Meredith, PO and Rosu, Grigore},
  journal={Technical Report http://hdl.handle.net/2142/30006, Department of Computer Science, University of Illinois at Urbana-Champaign},
  year={2012}
}

@inproceedings{tan2011acomment,
  title={a{C}omment: mining annotations from comments and code to detect interrupt related concurrency bugs},
  author={Tan, Lin and Zhou, Yuanyuan and Padioleau, Yoann},
  booktitle={Proc. 33rd ICSE},
  pages={11--20},
  year={2012},
}

@INPROCEEDINGS{zhong09SE,
	author = {Hao Zhong and Lu Zhang and Tao Xie and Hong Mei},
	title = {Inferring Resource Specifications from Natural Language {API} Documentation},
	booktitle = {Proc. 24th ASE},
	year = {2009},
	pages = {307--318},
}

@INPROCEEDINGS{Sinha2009,
	author = { Avik Sinha and Amit M. Paradkar and Palani Kumanan and Branimir Boguraev},
	title = {A linguistic analysis engine for natural language use case description and its application to dependability analysis in industrial use cases.},
	booktitle = {Proc. DSN},
	pages     = {327--336},
	year = {2009},
}

@INPROCEEDINGS{thummalapentaICSE12,
	author = {Thummalapenta, Suresh and Sinha, Saurabh and Singhania, Nimit and Chandra, Satish},
	title = {Automating test automation},
	booktitle = {Proc. 34th ICSE},
	pages     = {881--891},
	year = {2012},
}


@INPROCEEDINGS{Sinha2010,
	author = {Avik Sinha and Stanley M. Sutton{Jr.} and Amit Paradkar},
	title = {Text2Test: Automated Inspection of Natural Language Use Cases},
	pages     = {155--164},
	booktitle = {Proc. ICST},
	year = {2010},
}


@INPROCEEDINGS{sridhara2011ICPC, 
	title={Generating Parameter Comments and Integrating with Method Summaries}, 
	author={Sridhara, G. and Pollock, L. and Vijay-Shanker, K.}, 
	booktitle={Proc. of 19th ICPC}, 
	pages={71--80}, 
	year={2011}, 
}

@inproceedings{zhang2011automated,
  title={Automated documentation inference to explain failed tests},
  author={Zhang, Sai and Zhang, Cheng and Ernst, Michael D},
  booktitle={Proc. 26th ASE},
  pages={63--72},
  year={2011},
}


@INPROCEEDINGS{Cindy10:PASTE,
	title = {Expect the Unexpected: Error Code Mismatches Between Documentation and the Real World},
	author = {Cindy Rubino-Gonz\'alez and Ben Liblit},
	booktitle = {Proc. 9th PASTE},
	pages = {73--80},
	year = {2010},
}

@INPROCEEDINGS{pandita12:inferring,
	author = {Rahul Pandita and Xusheng Xiao and Hao Zhong and Tao Xie and Stephen Oney and Amit Paradkar},
	title = {Inferring Method Specifications from Natural Language {API} Descriptions},
	booktitle = {Proc. 34th ICSE},
	year = {2012}, 
}

@INPROCEEDINGS{Buse:2008:ADI:1390630.1390664,
	author = {Buse, Raymond P.L. and Weimer, Westley R.},
	title = {Automatic documentation inference for exceptions},
	booktitle = {Proc. 17th ISSTA},
	year = {2008},
	pages = {273--282},
}

%----- NLP GENERIC -----

@INPROCEEDINGS{ToutanovaHLT-NAACL:03,
	author = {Kristina Toutanova and Dan Klein and Christopher D. Manning and Yoram Singer},
	title = {Feature-Rich Part-of-Speech Tagging with a Cyclic Dependency Network.},
	booktitle = {Proc. HLT-NAACL},
	year = {2003},
	pages = {252-259},
}

@INPROCEEDINGS{KleinNIPS03, 
	author={Dan Klein and Christopher D. Manning}, 
	booktitle={Proc. 15th NIPS}, 
	title={Fast Exact Inference with a Factored Model for Natural Language Parsing}, 
	year={2003},
	pages={3 -- 10}, 
}

@INPROCEEDINGS{Klein03,
	author = {Dan Klein and Christopher D. Manning},
	title = {Accurate Unlexicalized Parsing.},
	booktitle = {Proc. 41st ACL},
	year = {2003},
	pages = {423--430},
}

@INPROCEEDINGS{Marneffe06LREC,
	author = {Marie -Catherine de Marneffe and Bill MacCartney and Christopher D. Manning},
	title = {Generating Typed Dependency Parses from Phrase Structure Parses},
	booktitle = {Proc. LREC},
	year = {2006},
}

@INPROCEEDINGS{Marneffe08COLING,
	author = {Marie -Catherine de Marneffe and Christopher D. Manning},
	title = {The Stanford typed dependencies representation},
	booktitle = {Workshop COLING},
	year = {2008},
}

@INPROCEEDINGS{Finkel05ACL,
	author = {Jenny Rose Finkel and Trond Grenager and Christopher D. Manning},
	title = {Incorporating Non-local Information into Information Extraction Systems by Gibbs Sampling},
	booktitle = {Proc, 43nd ACL},
	year = {2005},
}

@INPROCEEDINGS{LeeCoNLL11,
	author = { Lee, Heeyoung and Peirsman, Yves and Chang, Angel and Chambers, Nathanael and Surdeanu, Mihai and Jurafsky, Dan},
	title = {Stanford's Multi-Pass Sieve Coreference Resolution System},
	booktitle = {Proc.  CoNLL-2011 Shared Task},
	year = {2011},
}

@INPROCEEDINGS{RaghunathanEMNLP10,
	author = {Raghunathan, Karthik and Lee, Heeyoung and Rangarajan, Sudarshan and Chambers, Nathanael and Surdeanu, Mihai and Jurafsky, Dan and Manning, Christopher. D },
	title = {A Multi-Pass Sieve for Coreference Resolution},
	booktitle = {Proc.  EMNLP},
	year = {2010},
}

%----- UNCATEGORIZED -----

@INPROCEEDINGS{GaffneySE92, 
	author={Gaffney, J.E. and Cruickshank, R.D.}, 
	booktitle={Proc. 14th ICSE}, 
	title={A General Economics Model Of Software Reuse}, 
	year={1992}, 
	pages={327 -- 337}, 
}

@INPROCEEDINGS{Srivastava2010PVP,
	author = {Srivastava, Saurabh and Gulwani, Sumit and Foster, Jeffrey S.},
	title = {From program verification to program synthesis},
	booktitle = {Proc. 37th POPL},
	year = {2010},
	pages = {313--326},
}

@INPROCEEDINGS{Mike99,
	author = {Mike Barnett and K. Rustan M. Leino and Wolfram Schulte.},
	title = {The {S}pec\# programming system: An overview.},
	booktitle = {Proc. CASSIS, LNCS vol. 3362},
	year = {2004},
}

@INPROCEEDINGS{Hill2008,
	author = {Emily Hill and Zachary P. Fry and Haley Boyd and Giriprasad Sridhara and Yana Novikova and Lori L. Pollock and K. Vijay-Shanker},
	title = {{AMAP}: automatically mining abbreviation expansions in programs to enhance software maintenance tools},
	booktitle = {Proc. MSR},
	year = {2008},
	pages = {79-88}, 
}

@INPROCEEDINGS{Polikarpova2009ISSTA,
	author = {Polikarpova, Nadia and Ciupa, Ilinca and Meyer, Bertrand},
	title = {A comparative study of programmer-written and automatically inferred contracts},
	booktitle = {Proc. 18th ISSTA},
	year = {2009},
	pages = {93--104},
}
	
@INPROCEEDINGS{Little2009,
	author = {Little, Greg and Miller, Robert C.},
	title = {Keyword programming in {J}ava},
	booktitle = {Proc. 22nd ASE},
	year = {2007},
	pages = {84--93},
}

@INPROCEEDINGS{csallner08dysy,
	author = {Christoph Csallner and Nikolai Tillmann and Yannis Smaragdakis},
	title = {{DySy}: Dynamic symbolic execution for invariant inference},
	booktitle = {Proc. 30th ICSE},
	pages = {281--290},
	year = {2008}
}

@INPROCEEDINGS{NimmerE02:ISSTA,
	author = {Jeremy W. Nimmer and Michael D. Ernst},
	title = {Automatic generation of program specifications},
	booktitle = {Proc. ISSTA},
	pages = {232--242},
	year = {2002}
}

@INPROCEEDINGS{Zhou2008, 
	author={Hong Zhou and Feng Chen and Hongji Yang}, 
	booktitle={Proc. 8th QSIC}, 
	title={Developing {A}pplication {S}pecific {O}ntology for {P}rogram {C}omprehension by {C}ombining {D}omain {O}ntology with {C}ode {O}ntology}, 
	year={2008}, 
	pages={225 -234}, 
}

@INPROCEEDINGS{Dekel2009,
	author = {Uri Dekel and James D. Herbsleb},
	title = {Improving {API} {D}ocumentation {U}sability with {K}nowledge {P}ushing},
	booktitle = {Proc. 31st ICSE},
	pages = {320--330},
	year = {2009},  }


@INPROCEEDINGS{Branimir2000,
	author = {Branimir K. Boguraev},
	title = {Towards Finite-State Analysis of Lexical Cohesion.},
	booktitle = {Proc. FSMNLP},
	year = {2000},  }

@INPROCEEDINGS{Wondracek08:NDSS,
	title = {Automatic network protocol analysis},
	author = {G. Wondracek and P. M. Comparetti and C. Kruegel and E. Kirda},
	booktitle = {15th Annual Network and Distributed System Security Symposium (NDSS08)},
	year = {2008},
}

@INPROCEEDINGS{Zhiqiang08:FSE,
	author = {Lin, Zhiqiang and Zhang, Xiangyu},
	title = {Deriving input syntactic structure from execution},
	booktitle = {SIGSOFT '08/FSE-16: Proceedings of the 16th ACM SIGSOFT International Symposium on Foundations of software engineering},
	year = {2008},
	pages = {83--93},
}

@INPROCEEDINGS{Caballero07:ACM,
	author = {Caballero, Juan and Yin, Heng and Liang, Zhenkai and Song, Dawn},
	title = {Polyglot: automatic extraction of protocol message format using dynamic binary analysis},
	booktitle = {CCS '07: Proceedings of the 14th ACM conference on Computer and communications security},
	year = {2007},
	pages = {317--329},
}

@INPROCEEDINGS{Ouffut94:IEEETSE,
	author = {A. Jefferson Offutt and Stephen D. Lee},
	title  ={An Empirical Evaluation of Weak Mutation},
	year = {1994},
	pages = {337--344},
	booktitle = {IEEE Tran. Software Eng., vol. 20, No. 5}
}

@INPROCEEDINGS{DeMillo78:IEEEC,
	author = {R.A. DeMillo and R.J. Lipton and F.G. Sayward},
	title = {Hints on Test Data Selection: Help for the Practicing Programmer},
	booktitle = {IEEE Comput., vol. 11, No. 4},  
	year = {1978}, 
	pages = {34--41}, 
}

@INPROCEEDINGS{TanSOSP07,
	author = {Tan, Lin and Yuan, Ding and Krishna, Gopal and Zhou, Yuanyuan},
	title = {/*icomment: bugs or bad comments?*/},
	booktitle = {21st SOSP},
	year = {2007},
	pages = {145--158},
}

@INPROCEEDINGS{KongINFG:09,
	author = {Kong, S.H. and Tillmann, N. and de Halleux, J.},
	title = {Automated Testing of Environment-Dependent Programs - A case study of modeling the File System for Pex.},
	booktitle = {INFG},
	year = {2009},
}

@INPROCEEDINGS{pacheco:eclat,
	author = {Carlos Pacheco and Michael D. Ernst},
	title = {Eclat: Automatic generation and classification of test inputs},
	booktitle = {Proc. ECOOP},
	year = {2005},
	pages = {504--527},
}

@INPROCEEDINGS{Novick2006WDP,
	author = {Novick, David G. and Ward, Karen},
	title = {Why don't people read the manual?},
	booktitle = {Proc. 24th ACM},
	year = {2006},
	pages = {11--18},
}

@INPROCEEDINGS{Kramer:1999:ADS:318372.318577,
	author = {Kramer, Douglas},
	title = {{API} documentation from source code comments: a case study of Javadoc},
	booktitle = {Proc. of 17th annual international conference on Computer documentation},
	year = {1999},
	pages = {147--153},
}

%%%%%%%%%% ARTICLES %%%%%%%%%%

@ARTICLE{Meyer92Computer, 
	author={Meyer, B.}, 
	journal={IEEE Transactions on Computer}, title={Applying `design by contract'}, 
	year={1992}, 
	month={oct}, 
	volume={25}, 
	number={10}, 
	pages={40 -51}, 
}

@ARTICLE{miller90:acm,
	author = {Miller, Barton P. and Fredriksen, Louis and So, Bryan},
	title = {An empirical study of the reliability of UNIX utilities},
	journal = {Commun. ACM},
	volume = {33},
	number = {12},
	year = {1990},
	pages = {32--44},
	publisher = {ACM},
}

@ARTICLE{Henkel:2008:DDA:1363102.1363105,
	author = {Henkel, Johannes and Reichenbach, Christoph and Diwan, Amer},
	title = {Developing and debugging algebraic specifications for {J}ava classes},
	journal = {ACM Trans. Softw. Eng. Methodol.},
	volume = {17},
	number = {3},
	year = {2008},
	pages = {14:1--14:37},
	publisher = {ACM},
}

@ARTICLE{robillard1986schematic,
	title={Schematic pseudocode for program constructs and its computer automation by SCHEMACODE},
	author={Robillard, P.N.},
	journal={Communications of the ACM},
	volume={29},
	number={11},
	pages={1072--1089},
	year={1986},
}

@ARTICLE{Henkel07discoveringdocumentation,
	author = {Johannes Henkel and Christoph Reichenbach and Amer Diwan},
	title = {Discovering documentation for {J}ava container classes},
	journal = {IEEE Transactions on Software Engineering},
	year = {2007},
	volume = {33},
	pages = {526--543}
} 

@ARTICLE{semanticweb,
	author = {Lee, Berners T. and Hendler, J. and Lassila, O.},
	journal = {Scientific American},
	keywords = {bibtex-import},
	title = {{The semantic web}},
	year = {2001},
}


@ARTICLE{ontology,
	author = {Gruber, Thomas R.},
	title = {A translation approach to portable ontology specifications},
	journal = {Knowl. Acquis.},
	volume = {5},
	number = {2},
	month = jun,
	year = {1993},
	pages = {199--220},
}

@ARTICLE{ontologysharing,
	author = {Neches, Robert and Fikes, Richard and Finin, Tim and Gruber, Tom and Patil, Ramesh and Senator, Ted and Swartout, William R.},
	title = {Enabling technology for knowledge sharing},
	journal = {AI Mag.},
	issue_date = {Fall 1991},
	volume = {12},
	number = {3},
	year = {1991},
	pages = {36--56},

}

@ARTICLE{MadanmohanIEEESoft:04, 
	author={Madanmohan, T.R. and Rahul De'}, 
	journal={Software, IEEE}, 
	title={Notice of Violation of IEEE Publication Principles Open source reuse in commercial firms}, 
	year={2004}, 
	month={nov.-dec.} , 
	volume={21}, 
	number={6}, 
	pages={62 -69}, 
}

@ARTICLE{WangIEEESoft:01, 
	author={Huaiqing Wang and Chen Wang}, 
	journal={Software, IEEE},
	title={Open source software adoption: a status report}, 
	year={2001}, 
	month={march-april} , 
	volume={18}, 
	number={2}, 
	pages={90 -95}, 
}

@ARTICLE{csallner:jcrasher,
	author = {Christoph Csallner and Yannis Smaragdakis},
	title = {JCrasher: an automatic robustness tester for Java},
	journal = {Softw. Pract. Exper.},
	volume = {34},
	number = {11},
	year = {2004},
	pages = {1025--1050},
	publisher = {John Wiley \& Sons, Inc.},
}

@ARTICLE{Godefroid:SIGPLAN,
	author = {Godefroid, Patrice and Kiezun, Adam and Levin, Michael Y.},
	title = {Grammar-based whitebox fuzzing},
	journal = {SIGPLAN Not.},
	volume = {43},
	number = {6},
	year = {2008},
	pages = {206--215},
	publisher = {ACM},
}

@ARTICLE{Gervasi2005,
	author = {Vincenzo Gervasi and Didar Zowghi},
	title = {Reasoning about inconsistencies in natural language requirements},
	journal = {ACM Transactions Software Engineering Methodologies},
	volume = {14},
	pages = {277--330},
	year = {2005},
}

@ARTICLE{Manning:01,
	author={C.D. Manning and H. Schutze},
	journal={The MIT Press}, title={Foundations Of Statistical Natural Language Processing},
	year={2001},
}


@ARTICLE{RunesonIEEE:06,
	author={Runeson, P.},
	journal={Software, IEEE},
	title={A survey of unit testing practices},
	year={2006},
	month={jul.},
	volume={23},
	number={4},
	pages={22 -29},
}

@ARTICLE{FrakesIEEETran05, 
	author={Frakes, W.B. and Kyo Kang}, 
	journal={IEEE Transactions on Software Engineering}, 
	title={Software reuse research: status and future}, 
	year={2005}, 
	volume={31}, 
	number={7}, 
	pages={ 529 -- 536}, 
}

@ARTICLE{Chalin06, 
	author={Chalin., P.}, 
	journal={ The RODIN Book LNCS}, 
	title={Are practitioners writing contracts?}, 
	year={2006}, 
	volume={4157}, 
	number={7}, 
	pages={100}, 
}

@ARTICLE{me10,
	author = {Patrick McDaniel and William Enck},
	title = {{Not So Great Expectations: Why Application Markets Haven't Failed Security}},
	JOURNAL = {IEEE Security \& Privacy Magazine},
	MONTH = {September/October},
	NUMBER = {5},
	pages = {76--78},
	VOLUME = {8},
	year = 2010,
}

%%%%%%%%%% Technical Reports %%%%%%%%%%

@TECHREPORT{Do09:Robust,
	author = {Q. Do and D. Roth and M. Sammons and Y. Tu and V. Vydiswaran},
	title = {{Robust, Light-weight Approaches to compute Lexical Similarity}},
	institution = {University of Illinois},
	year = {2009},
	type = {Computer Science Research and Technical Reports},
}

%%%%%%%%%% Books %%%%%%%%%%

@BOOK{Sutton07,
	author = {Sutton, Michael and Greene, Adam and Amini, Pedram},
	title = {Fuzzing: Brute Force Vulnerability Discovery},
	year = {2007},
	publisher = {Addison-Wesley Professional},
}

@BOOK{Olson08,
	author = {D. Olson},
	title = {Advanced data mining techniques},
	year = {2008},
	publisher = {Springer Verlag},
}

@BOOK{wordnet,
	author = {Fellbaum et al.},
	title = {WordNet: an electronic lexical database.},
	year = {1998},
	publisher = {Cambridge, Mass: MIT Press},
} 

@BOOK{Gregory99,
	author = {Grefenstette Gregory},
	title = {Light Parsing as Finite State Filtering.},
	year = {1999},
	publisher = {Cambridge University Press},
}

@BOOK{Stickel97,
	author = {Mark Stickel and Mabry Tyson},
	title = {FASTUS: A Cascaded Finite-state Transducer for Extracting Information from Natural-language Text.},
	year = {1997},
	publisher = {MIT Press},
}

%%%%%%%%%% OTHERS %%%%%%%%%%

%--- TESTING ---

@MISC{projectweb,
	title = "Whyper",
	note = {https://sites.google.com/site/whypermission/},
}

@MISC{JTEST,
	key = {JTEST},
	title = "Parasoft. {J}test manuals version 5.1. {O}nline manual",
	note = {\url{http://www.parasoft.com}},
	keywords = {code search engine},
	year = {2006},
}

@MISC{easymock,
	key = {easymock},
	title = "{T.~Freese. EasyMock}",
	note = {\url{http://easymock.org/}},
	year = {2008},
}


@MISC{rahien:rhino,
	key = {rahien:rhino},
	title = "{A.~Rahien. Rhino.Mocks}",
	note = {\url{http://ayende.com/projects/rhino-mocks.aspx}},
	year = {2008},
}

@MISC{nmock,
	key = {nmock},
	title = "{NMock}",
	note = {\url{http://www.nmock.org/}},
	year = {2008},
}

%--- NLP ---

@MISC{SNLP1,
	key = {SNLP},
	title = "{The Stanford Natural Language Processing Group}",
	note = {\url{http://nlp.stanford.edu/}},
	year = {1999},
}

@MISC{lucene,
	key= {lucene},
	title = "{Apache Lucene Core}",
	note ={\url{http://lucene.apache.org/core/}},
}

%--- ANDROID ---

@MISC{googlebouncer,
	author = {Hiroshi Lockheimer},
	title = {{Android and Security}},
	MONTH = feb,
	year = 2012,
	HOWPUBLISHED = {Google Mobile Blog},
	NOTE = {\url{http://googlemobile.blogspot.com/2012/02/android-and-security.html}},
}

@MISC{kasperskylabs,
	key= {kasperskylabs},
	title = "{Kaspersky Labs- Android Malware report 2012 }",
	note ={\url{http://www.kaspersky.com/about/news/press/2012/Android_Under_Attack__Malware_Levels_for_Googles_OS_Rise_Threefold_in_Q2_2012}},
}

%--- UNCLASSIFIED ---

@MISC{codeplexclient,
	key = {codeplexclient},
	title = "{Codeplex client}",
	note = {\url{http://www.codeplex.com/CodePlexClient}},
}

@MISC{gotocode,
	key = {gotocode},
	title = "{Goto Code}",
	note = {\url{http://www.gotocode.com/CodePlexClient}},
}

@inproceedings{Ball:slam-2002,
 author = {Ball, Thomas and Rajamani, Sriram K.},
 title = {The SLAM Project: Debugging System Software via Static Analysis},
 booktitle = {Proc. 29th POPL},
 year = {2002},
 pages = {1--3},
} 


@MISC{amazons3stats,
	key = {amazons3stats},
	title = "{Amazon S3 - Two Trillion Objects, 1.1 Million Requests / Second}",
	note = {\url{http://aws.typepad.com/aws/2013/04/amazon-s3-two-trillion-objects-11-million-requests-second.html}},
}

@MISC{mallet,
	key = {mallet},
	title = "{McCallum, Andrew Kachites.  "MALLET: A Machine Learning for Language Toolkit."}",
	note = {\url{http://mallet.cs.umass.edu. 2002.}},

}

